@InProceedings{Kajita2003,
  author = 	 {Shuuji Kajita and Fumio Kanehiro and Kenji Kaneko and Kiyoshi Fujiwara and Kensuke Harada and Kazuhito Yokoi and Hirohisa Hirukawa},
  title = 	 {Biped Walking Pattern Generation by using Preview Control of Zero-Moment Point},
  booktitle = 	 {International Conference on Robotics And Automation, Taipei Taiwan  },
  OPTcrossref =  {},
  OPTkey = 	 {},
  pages = 	 {1620--1626},
  year = 	 {2003},
  OPTeditor = 	 {},
  OPTvolume = 	 {},
  OPTnumber = 	 {},
  OPTseries = 	 {},
  OPTaddress = 	 {},
  month = 	 {September},
  OPTorganization = {},
  OPTpublisher = {},
  OPTnote = 	 {},
  OPTannote = 	 {}
}

@InProceedings{Kajita2003b,
  author = 	 {Shuuji Kajita and Fumio Kanehiro and Kenji Kaneko and Kiyoshi Fujiwara and Kensuke Harada and Kazuhito Yokoi and Hirohisa Hirukawa},
  title = 	 {Resolved Momentum Control: Humanoid Motion Planning based on the Linear and Angular Momentum},
  booktitle = 	 {Proceedings of the 2003 IEEE/RSJ International Conference on Intelligent Robots and Systems, IROS, Las Vegas, Nevada},
  OPTcrossref =  {},
  OPTkey = 	 {},
  pages = 	 {1644--1650},
  year = 	 {2003},
  OPTeditor = 	 {},
  OPTvolume = 	 {},
  OPTnumber = 	 {},
  OPTseries = 	 {},
  OPTaddress = 	 {},
  OPTmonth = 	 {},
  organization = {IEEE},
  OPTpublisher = {},
  OPTnote = 	 {},
  OPTannote = 	 {}
}

@Book{Kajita2005,
  author = 	 {Shuuji Kajita},
  ALTeditor = 	 {Omsha},
  title = 	 {Humanoid Robot},
  publisher = 	 {Omsha},
  year = 	 {2005},
  OPTkey = 	 {},
  OPTvolume = 	 {},
  OPTnumber = 	 {},
  OPTseries = 	 {},
  OPTaddress = 	 {},
  OPTedition = 	 {},
  OPTmonth = 	 {},
  note = 	 {(In Japanese) ISBN4-274-20058-2},
  OPTannote = 	 {}
}

@Article{Laub1979,
  author = 	 {Alan J. Laub},
  title = 	 {A Schur Method for Solving Algebraic Riccati Equations},
  journal = 	 {IEEE Transactions on Automatic Control},
  year = 	 {1979},
  OPTkey = 	 {},
  volume = 	 {AC-24},
  number = 	 {6},
  pages = 	 {913--921},
  month = 	 {December},
  OPTnote = 	 {},
  OPTannote = 	 {}
}



@Article{Katayama1985,
  author = 	 {Tohru Katayama and Takahira Ohki and Toshio Inoue and Tomoyuki Kato},
  title = 	 {Design of an optimal controller for a discrete-time system subject to previewable demand},
  journal = 	 {International Journal of Control},
  year = 	 {1985},
  OPTkey = 	 {},
  volume = 	 {41},
  number = 	 {3},
  pages = 	 {677-699},
  OPTmonth = 	 {},
  OPTnote = 	 {},
  OPTannote = 	 {}
}


@Article{Arnold1984,
  author = 	 {William F. Arnold III and Alan Laub},
  title = 	 {Generalized Eigenproblem algorithms and Software for Algebraic Riccati Equations},
  journal = 	 {Proceedings of the IEEE},
  year = 	 {1984},
  OPTkey = 	 {},
  volume = 	 {72},
  number = 	 {12},
  OPTpages = 	 {},
  month = 	 {December},
  OPTnote = 	 {},
  OPTannote = 	 {}
}

